<?xml version="1.0" encoding="UTF-8"?><collection xmlns="http://www.loc.gov/MARC21/slim"><record><leader>00651nam--2200181-i-4500</leader><controlfield tag="001">000005292</controlfield><controlfield tag="002">20161230</controlfield><controlfield tag="005">20161230201026</controlfield><controlfield tag="008">060222s1000------------r-----000-0-eng-d</controlfield><datafield ind1=" " ind2=" " tag="040"><subfield code="a">IFIN-HH</subfield></datafield><datafield ind1=" " ind2=" " tag="080"><subfield code="a">615.849</subfield></datafield><datafield ind1="1" ind2=" " tag="100"><subfield code="a">Kaplan, Henry S</subfield></datafield><datafield ind1="1" ind2="0" tag="245"><subfield code="a">Research in radiology</subfield><subfield code="b">Nuclear science series proceedings of an informal conference held at highland park, illinois, may 10-12, 1957</subfield><subfield code="c">Henry s. kaplan (ed.)</subfield></datafield><datafield ind1=" " ind2=" " tag="260"><subfield code="a">Washington</subfield><subfield code="b">National Academy Of Sciences</subfield><subfield code="c">1958</subfield></datafield><datafield ind1=" " ind2=" " tag="300"><subfield code="a">208P</subfield></datafield><datafield ind1=" " ind2=" " tag="490"><subfield code="a">Nuclear Science Series - National Research Council Publication 571</subfield><subfield code="v">Report Number 22</subfield></datafield><datafield ind1=" " ind2=" " tag="852"><subfield code="a">13144</subfield><subfield code="c">539</subfield></datafield><datafield ind1=" " ind2=" " tag="CAT"><subfield code="a">Sys</subfield><subfield code="c">20110926</subfield><subfield code="h">124210</subfield></datafield></record></collection>